@book{puhani2020statistik,
  title={Statistik: Einf{\"u}hrung mit praktischen Beispielen},
  author={Puhani, J.},
  isbn={9783658289553},
  year={2020},
  publisher={Springer Gabler},
  address = {Wiesbaden},
  keywords = {Q}
}

@article{budziergerlach1,
  title={Calibration of uncooled thermal infrared cameras},
  author={Budzier, H and Gerlach, G},
  journal={Journal of Sensors and Sensor Systems},
  volume={4},
  pages={187-197},
  year={2015}
}

@misc{DAC121Sdatasheet,
  title = {DAC121S101QML-SP Radiation Hardened 12-Bit Micro Power Digital-to-Analog Converter
With Rail-to-Rail Output},
  author={{Texas Instruments}},
  year={2016},
  keywords = {Q}
}

@misc{curvefitting,
  title = {Curve Fitting via Optimization},
  author={MathWorks},
  year={2021},
  url = {https://mathworks.com/help/matlab/math/example-curve-fitting-via-optimization.html?s_tid=answers_rc2-3_p6_MLT},
  urldate = {2022-02-25},
  keywords = {Q}
}

@article{tissot2,
author = {Minassian, Christophe and Tissot, J.L. and Vilain, Michel and Legras, Olivier and Tinnes, Sebastien and Fieque, Bruno and Chiappa, Jean and Robert, Ponsian},
year = {2009},
month = {05},
pages = {},
title = {Uncooled amorphous silicon TEC-less 1/4 VGA IRFPA \mbox{with} 25 $\mu m$ pixel-pitch for high volume applications},
volume = {7298},
journal = {Proceedings of SPIE - The International Society for Optical Engineering},
doi = {10.1117/12.819995}
}